[gd_scene load_steps=16 format=2]

[ext_resource path="res://Cards/Base.tscn" type="PackedScene" id=1]
[ext_resource path="res://Cards/Potion.png" type="Texture" id=2]
[ext_resource path="res://Cards/Potion.gd" type="Script" id=3]

[sub_resource type="AtlasTexture" id=1]
atlas = ExtResource( 2 )
region = Rect2( 0, 0, 63, 89 )

[sub_resource type="AtlasTexture" id=2]
atlas = ExtResource( 2 )
region = Rect2( 63, 0, 63, 89 )

[sub_resource type="AtlasTexture" id=3]
atlas = ExtResource( 2 )
region = Rect2( 126, 0, 63, 89 )

[sub_resource type="AtlasTexture" id=4]
atlas = ExtResource( 2 )
region = Rect2( 189, 0, 63, 89 )

[sub_resource type="AtlasTexture" id=5]
atlas = ExtResource( 2 )
region = Rect2( 252, 0, 63, 89 )

[sub_resource type="AtlasTexture" id=6]
atlas = ExtResource( 2 )
region = Rect2( 315, 0, 63, 89 )

[sub_resource type="AtlasTexture" id=7]
atlas = ExtResource( 2 )
region = Rect2( 378, 0, 63, 89 )

[sub_resource type="AtlasTexture" id=8]
atlas = ExtResource( 2 )
region = Rect2( 441, 0, 63, 89 )

[sub_resource type="AtlasTexture" id=9]
atlas = ExtResource( 2 )
region = Rect2( 504, 0, 63, 89 )

[sub_resource type="AtlasTexture" id=10]
atlas = ExtResource( 2 )
region = Rect2( 567, 0, 63, 89 )

[sub_resource type="AtlasTexture" id=11]
atlas = ExtResource( 2 )
region = Rect2( 630, 0, 63, 89 )

[sub_resource type="SpriteFrames" id=12]
animations = [ {
"frames": [ SubResource( 1 ), SubResource( 2 ), SubResource( 3 ), SubResource( 4 ), SubResource( 5 ), SubResource( 6 ), SubResource( 7 ), SubResource( 8 ), SubResource( 9 ), SubResource( 10 ), SubResource( 11 ) ],
"loop": true,
"name": "default",
"speed": 5.0
} ]

[node name="Potion" instance=ExtResource( 1 )]
script = ExtResource( 3 )

[node name="AnimatedSprite" parent="." index="0"]
frames = SubResource( 12 )
frame = 1
